<record><leader>00000cas a22000007a 4500</leader><controlfield tag="001">9496031</controlfield><controlfield tag="008">830510d18uu1uuunyuuu ne      0    0spa d</controlfield><datafield ind1=" " ind2=" " tag="010"><subfield code="a">sn 83030416 </subfield></datafield><datafield ind1=" " ind2=" " tag="040"><subfield code="a">NPU</subfield><subfield code="b">eng</subfield><subfield code="c">NPU</subfield><subfield code="d">DLC</subfield><subfield code="d">OCLCQ</subfield><subfield code="d">OCLCF</subfield><subfield code="d">OCLCO</subfield></datafield><datafield ind1="1" ind2=" " tag="029"><subfield code="a">AU@</subfield><subfield code="b">000025824323</subfield></datafield><datafield ind1=" " ind2=" " tag="042"><subfield code="a">msc</subfield></datafield><datafield ind1=" " ind2=" " tag="043"><subfield code="a">n-us-ny</subfield></datafield><datafield ind1="0" ind2="0" tag="050"><subfield code="a">Newspaper 9025</subfield></datafield><datafield ind1="0" ind2=" " tag="130"><subfield code="a">Porvenir (New York, N.Y.)</subfield></datafield><datafield ind1="1" ind2="3" tag="245"><subfield code="a">El Porvenir.</subfield></datafield><datafield ind1=" " ind2=" " tag="260"><subfield code="a">New York :</subfield><subfield code="b">[s.n.]</subfield></datafield><datafield ind1=" " ind2=" " tag="300"><subfield code="a">v. ;</subfield><subfield code="c">57 cm.</subfield></datafield><datafield ind1=" " ind2=" " tag="500"><subfield code="a">Published on Wednesday.</subfield></datafield><datafield ind1=" " ind2=" " tag="500"><subfield code="a">Editor: Enrique Trujillo, &lt;1896&gt;-</subfield></datafield><datafield ind1=" " ind2=" " tag="546"><subfield code="a">In Spanish.</subfield></datafield><datafield ind1=" " ind2=" " tag="588"><subfield code="a">Description based on: Vol. 7, no. 326 (June 1, 1896).</subfield></datafield><datafield ind1=" " ind2="0" tag="651"><subfield code="a">New York (N.Y.)</subfield><subfield code="v">Newspapers.</subfield></datafield><datafield ind1=" " ind2="7" tag="655"><subfield code="a">Newspapers.</subfield><subfield code="2">fast</subfield><subfield code="0">(OCoLC)fst01423814</subfield></datafield><datafield ind1=" " ind2="7" tag="651"><subfield code="a">New York (State)</subfield><subfield code="z">New York.</subfield><subfield code="2">fast</subfield><subfield code="0">(OCoLC)fst01204333</subfield></datafield><datafield ind1=" " ind2=" " tag="752"><subfield code="a">United States</subfield><subfield code="b">New York</subfield><subfield code="c">New York</subfield><subfield code="d">New York.</subfield></datafield></record>